<collection xmlns="http://www.loc.gov/MARC21/slim">
<record>
  <leader>01195nam0a22002771i 450 </leader>
  <controlfield tag="001">IT\ICCU\CNCE\058789</controlfield>
  <controlfield tag="005">20060131000000.0</controlfield>
  <datafield tag="012" ind1=" " ind2=" ">
    <subfield code="a">e-on t.s. m,s, doEm (3) 1570 (R)</subfield>
    <subfield code="2">fei</subfield>
  </datafield>
  <datafield tag="100" ind1=" " ind2=" ">
    <subfield code="a">20040712d1570        0itac0103    ba</subfield>
  </datafield>
  <datafield tag="101" ind1=" " ind2=" ">
    <subfield code="a">LAT</subfield>
  </datafield>
  <datafield tag="102" ind1=" " ind2=" ">
    <subfield code="a">IT</subfield>
  </datafield>
  <datafield tag="200" ind1="1" ind2=" ">
    <subfield code="a">Syntaxis plenior ad sermonis elegantiam comparata. Per Iacobum Ledesmam sacerdotem Societatis Iesu</subfield>
  </datafield>
  <datafield tag="210" ind1=" " ind2=" ">
    <subfield code="a">Taurini</subfield>
    <subfield code="c">apud Iacobum Criegher</subfield>
    <subfield code="d">1570</subfield>
    <subfield code="e">Taurini</subfield>
    <subfield code="g">apud Iacobum Criegher</subfield>
    <subfield code="h">1570</subfield>
  </datafield>
  <datafield tag="215" ind1=" " ind2=" ">
    <subfield code="a">211 p.</subfield>
    <subfield code="d">8ʻ</subfield>
  </datafield>
  <datafield tag="620" ind1=" " ind2=" ">
    <subfield code="a">IT</subfield>
    <subfield code="d">Torino</subfield>
  </datafield>
  <datafield tag="700" ind1=" " ind2="1">
    <subfield code="a">Ledesma,</subfield>
    <subfield code="b">Diego : de</subfield>
    <subfield code="3">IT\ICCU\CNCA\006725</subfield>
  </datafield>
  <datafield tag="712" ind1="0" ind2="0">
    <subfield code="a">Criegher, Jakob</subfield>
    <subfield code="3">IT\ICCU\CNCT\001552</subfield>
    <subfield code="4">650</subfield>
  </datafield>
  <datafield tag="790" ind1=" " ind2="1">
    <subfield code="a">Ledesma,</subfield>
    <subfield code="b">Iacobus</subfield>
    <subfield code="3">IT\ICCU\CNCA\015923</subfield>
    <subfield code="z">Ledesma, Diego : de</subfield>
  </datafield>
  <datafield tag="790" ind1=" " ind2="1">
    <subfield code="a">Ledesma,</subfield>
    <subfield code="b">Jacques</subfield>
    <subfield code="3">IT\ICCU\CNCA\020358</subfield>
    <subfield code="z">Ledesma, Diego : de</subfield>
  </datafield>
  <datafield tag="790" ind1=" " ind2="0">
    <subfield code="a">Ledesima</subfield>
    <subfield code="3">IT\ICCU\CNCA\020359</subfield>
    <subfield code="z">Ledesma, Diego : de</subfield>
  </datafield>
  <datafield tag="791" ind1="0" ind2="0">
    <subfield code="a">Chriegher, Iacobus</subfield>
    <subfield code="3">IT\ICCU\CNCT\004685</subfield>
    <subfield code="z">Criegher, Jakob</subfield>
  </datafield>
  <datafield tag="801" ind1=" " ind2="3">
    <subfield code="a">IT</subfield>
    <subfield code="b">ICCU</subfield>
    <subfield code="c">20201115</subfield>
  </datafield>
  <datafield tag="899" ind1=" " ind2=" ">
    <subfield code="a">Biblioteca universitaria. Sassari</subfield>
    <subfield code="1">SS0073</subfield>
    <subfield code="2">CAG US</subfield>
  </datafield>
  <datafield tag="899" ind1=" " ind2=" ">
    <subfield code="a">Biblioteca Reale. Torino</subfield>
    <subfield code="1">TO0263</subfield>
    <subfield code="2">TO0 07</subfield>
  </datafield>
  <datafield tag="899" ind1=" " ind2=" ">
    <subfield code="a">Biblioteca nazionale universitaria. Torino</subfield>
    <subfield code="1">TO0265</subfield>
    <subfield code="2">TO0 02</subfield>
  </datafield>
  <datafield tag="899" ind1=" " ind2=" ">
    <subfield code="a">Biblioteca comunale. Treviso</subfield>
    <subfield code="1">TV0114</subfield>
    <subfield code="2">VIA CT</subfield>
  </datafield>
</record>
</collection>
